@inproceedings{daskalakis2006complexity,
  title={The complexity of computing a {Nash} equilibrium},
  author={Daskalakis, Constantinos and Goldberg, Paul W. and Papadimitriou, Christos H.},
  booktitle={Proceedings of the thirty-eighth annual ACM symposium on Theory of computing},
  series={STOC '06},
  pages={71--78},
  year={2006},
  publisher={ACM},
  doi={10.1145/1132516.1132527}
}

@article{papadimitriou1994complexity,
  title={On the Complexity of the Parity Argument and Other Inefficient Proofs of Existence},
  author={Papadimitriou, Christos H.},
  journal={Journal of Computer and System Sciences},
  volume={48},
  number={3},
  pages={498--532},
  year={1994},
  publisher={Elsevier},
  doi={10.1016/S0022-0000(05)80063-7}
}

@article{nash1951noncooperative,
  title={Non-Cooperative Games},
  author={Nash, John},
  journal={Annals of Mathematics},
  volume={54},
  number={2},
  pages={286--295},
  year={1951},
  publisher={Princeton University and Institute for Advanced Study},
  doi={10.2307/1969529}
}

@inproceedings{lipton2003playing,
  title={Playing Large Games Using Simple Strategies},
  author={Lipton, Richard J. and Markakis, Evangelos and Mehta, Aranyak},
  booktitle={Proceedings of the 4th ACM Conference on Electronic Commerce},
  series={EC '03},
  pages={36--41},
  year={2003},
  publisher={ACM},
  doi={10.1145/779928.779933}
}
